@book{ross_rubiks,
  author    = {Daniel Ross},
  title     = {Rubik's Cube Best Algorithms},
  year      = {2017}, 
  publisher = {Independently published},
  isbn      = {978-1520827100}, 
}

@misc{MAPA_de_Progressio_dun_excampio_mundial,
  title={MAPA de Progressió d’un excampió mundial},
  howpublished={\url{https://www.youtube.com/watch?v=yv_hNlR5Qg4}},
}

@misc{Tkinter,
  title={Tkinter},
  howpublished={\url{https://www.geeksforgeeks.org/create-first-gui-application-using-python-tkinter/}},
}

@misc{Free_code_camp,
  title={Free code camp},
  howpublished={\url{https://www.freecodecamp.org/espanol/news/guia-de-funciones-de-python-con-ejemplos/}},
}

@misc{Orozco_Method,
  title={Orozco Method},
  howpublished={\url{https://www.youtube.com/watch?v=LTRYeFsao9Q}},
}

@misc{Orozco_Tutorial,
  title={Orozco Tutorial},
  howpublished={\url{https://docs.google.com/document/d/1sPvzowlU1M6PV_CQhQnf6RthclGAMJEvf5wXNSZJQAg/edit}},
}

@misc{Recursos_Python,
  title={Recursos Python},
  howpublished={\url{https://recursospython.com/guias-y-manuales/iconos-en-ventanas-de-tk-tkinter/}},
}

@misc{Logo_Cervell,
  title={Logo Cervell},
  howpublished={\url{https://icon-icons.com/es/icono/cerebro/109577}},
}

@misc{Rubiks_Cube_Tikz,
  title={Rubik’s Cube Tikz},
  howpublished={\url{https://tex.stackexchange.com/questions/459254/easy-way-to-generate-rubiks-cube-diagrams}},
}

@misc{Xerrada_Rubiks_Cube,
  title={Xerrada Rubik’s Cube},
  howpublished={\url{https://www.ted.com/talks/chris_olson_how_a_rubik_s_cube_solved_my_life}},
}

@misc{Header_amb_Fancy,
  title={Header amb Fancy},
  howpublished={\url{https://stackoverflow.com/questions/68669076/how-to-correctly-set-a-fancy-header-and-footer-in-a-included-pdf-which-contains}},
}

@misc{Ajuda_web,
  title={Ajuda web},
  howpublished={\url{https://www.youtube.com/watch?v=PgAZ8KzfhO8}},
}

@misc{Cuber_JavaCuber,
  title={I spent 6 months practicing 3x3 blindfolded},
  author={Cuber, J. [@JavaCuber]},
  year={2022},
  month={August},
  day={20},
  howpublished={\url{https://www.youtube.com/watch?v=B3vM7ejx584}},
}

@misc{op-tutorial,
  title={Andy Klise’s M2/Old Pochmann Guide},
  author={Andy Klise},
  howpublished={\url{https://www.kungfoomanchu.com/guides/andy-klise-m2-oldpoch.pdf}},
}

@misc{Perm_J_JPerm,
  title={Rubik’s cube blindfolded: M2 method tutorial},
  author={Perm, J. [@JPerm]},
  year={2017},
  month={May},
  day={3},
  howpublished={\url{https://www.youtube.com/watch?v=JTkSQxWk_u8}},
}

@misc{3BLD,
  title={CubeRoot; Ruimin},
  year={2019},
  month={febrer},
  day={16},
  howpublished={\url{https://www.cuberoot.me/3bld/}},
}

@misc{Aplicacio_Cstimer,
  title={Aplicació Cstimer},
  howpublished={\url{https://cstimer.net/}},
}

@misc{Aplicacio_Cube_desk,
  title={Aplicació Cube desk},
  howpublished={\url{https://www.cubedesk.io/}},
}

@misc{Llibreria_de_Generacio_de_Grafiques_amb_python,
  title={Llibreria de Generació de Gràfiques amb python},
  howpublished={\url{https://matplotlib.org/stable/tutorials/index.html}},
}

@misc{David_Singmaster,
  title={David Singmaster},
  howpublished={\url{https://docs.kde.org/trunk5/en/kubrick/kubrick/singmaster-moves.html}},
}

@misc{Redbull-cub,
    title = {Cubo de Rubik: 10 curiosidades que no sabías},
    author = {Redbull},
    year = {2023},
    url = {https://www.redbull.com/es-es/cubo-rubik-10-curiosidades}
}
